@ARTICLE{Chen2011,
  author = {Jingchao Chen},
  title = {Solving Rubik's Cube Using SAT Solvers},
  journal = {arXiv},
  year = {2011},
}

@BOOK{Biere2009,
  author = {Armin Biere et al},
  title = {Handbook of Satisfiability},
  journal = {IOS Press},
  year = {2009},
}

@ARTICLE{Sutherland2011,
  author = {Alex Sutherland, Andrew Sutherland},
  title = {The mathematics of Spinpossible},
  year = {2011},
  url = {http://arxiv.org/abs/1110.6645v1},
}

